<record><leader>00000cas a22000007a 4500</leader><controlfield tag="001">11730691</controlfield><controlfield tag="008">850225d18971897wiucr ne      0    0nor d</controlfield><datafield ind1=" " ind2=" " tag="010"><subfield code="a">sn 85040262 </subfield></datafield><datafield ind1=" " ind2=" " tag="040"><subfield code="a">NPV</subfield><subfield code="b">eng</subfield><subfield code="c">NPV</subfield><subfield code="d">OCLCQ</subfield></datafield><datafield ind1=" " ind2=" " tag="042"><subfield code="a">msc</subfield></datafield><datafield ind1="0" ind2="0" tag="245"><subfield code="a">La Crosse tidende og Milwaukee fram.</subfield></datafield><datafield ind1="1" ind2="7" tag="246"><subfield code="a">La Crosse tidende</subfield></datafield><datafield ind1=" " ind2=" " tag="260"><subfield code="a">La Crosse, Wis. :</subfield><subfield code="b">Tidende Pub.,</subfield><subfield code="c">1897-</subfield></datafield><datafield ind1=" " ind2=" " tag="300"><subfield code="a">v.</subfield></datafield><datafield ind1=" " ind2=" " tag="310"><subfield code="a">Semiweekly</subfield></datafield><datafield ind1="0" ind2=" " tag="362"><subfield code="a">No. 98, 2de Aarg. (4de Sept. 1897)- = no. 98, 4de aarg.-</subfield></datafield><datafield ind1="1" ind2=" " tag="362"><subfield code="a">Ceased in 1897.</subfield><subfield code="z">Cf. Hovde, O.M. and M.E. Henzler. Norwegian-American newspapers in Luther College Library.</subfield></datafield><datafield ind1=" " ind2=" " tag="500"><subfield code="a">On masthead: La Crosse og Milwaukee, Wis.</subfield></datafield><datafield ind1=" " ind2=" " tag="521"><subfield code="a">"Norwegian-American newspaper." Cf. Hovde, O.M. and M.E. Henzler.</subfield></datafield><datafield ind1=" " ind2=" " tag="752"><subfield code="a">United States</subfield><subfield code="b">Wisconsin</subfield><subfield code="c">La Crosse</subfield><subfield code="d">La Crosse.</subfield></datafield><datafield ind1=" " ind2=" " tag="752"><subfield code="a">United States</subfield><subfield code="b">Wisconsin</subfield><subfield code="c">Milwaukee</subfield><subfield code="d">Milwaukee.</subfield></datafield><datafield ind1="0" ind2="4" tag="780"><subfield code="t">Crosse tidende</subfield><subfield code="w">(DLC)sn 85040261</subfield></datafield><datafield ind1="0" ind2="4" tag="780"><subfield code="t">Fram (Milwaukee, Wis.)</subfield><subfield code="w">(DLC)sn 86086826</subfield></datafield></record>